@article{alexandrovmulti,
  title={Multi-view shape-from-shading for planetary images},
  author={Alexandrov, Oleg and Beyer, Ross A},
  journal={Earth and Space Science},
  year={2018}, 
  publisher={Wiley Online Library}
}

@inproceedings{wohlfarth2018high,
  title={High Resolution Digital Terrain Models of the Martian Surface: Compensation of the Atmosphere on CTX Imagery},
  author={Wohlfarth, KS and Liu, WC and Wu, B and Grumpe, A and W{\"o}hler, C},
  booktitle={Lunar and Planetary Science Conference},
  volume={49},
  year={2018}
}
@article{lee1985improved,
  title={Improved methods of estimating shape from shading using the light source coordinate system},
  author={Lee, Chia-Hoang and Rosenfeld, Azriel},
  journal={artificial Intelligence},
  volume={26},
  number={2},
  pages={125--143},
  year={1985},
  publisher={Elsevier}
}

@inproceedings{mcewen1996precise,
  title={A precise lunar photometric function},
  author={McEwen, AS},
  booktitle={Lunar and Planetary Science Conference},
  volume={27},
  year={1996}
}

@inproceedings{tsai1992fast,
  title={A fast linear shape from shading},
  author={Tsai, Ping-Sing and Shah, Mubarak},
  booktitle={Computer Vision and Pattern Recognition, 1992. Proceedings CVPR'92., 1992 IEEE Computer Society Conference on},
  pages={734--736},
  year={1992},
  organization={IEEE}
}

@inproceedings{wu2011high,
  title={High-quality shape from multi-view stereo and shading under general illumination},
  author={Wu, Chenglei and Wilburn, Bennett and Matsushita, Yasuyuki and Theobalt, Christian},
  booktitle={Computer Vision and Pattern Recognition (CVPR), 2011 IEEE Conference on},
  pages={969--976},
  year={2011},
  organization={IEEE}
}

@article{lee1993shape,
  title={Shape from shading with a linear triangular element surface model},
  author={Lee, Kyoung Mu and Kuo, CC},
  journal={Pattern Analysis and Machine Intelligence, IEEE Transactions on},
  volume={15},
  number={8},
  pages={815--822},
  year={1993},
  publisher={IEEE}
}
@article{pentland1989shape,
  title={Shape information from shading: a theory about human perception},
  author={Pentland, Alex},
  journal={Spatial vision},
  volume={4},
  number={2},
  pages={165--182},
  year={1989},
  publisher={Brill}
}

@article{Kirk:1977fk,
  title={ A Fast Finite-Element Algorithm for Two-Dimensional Photoclinometry},
  author={Kirk, R.},
  journal={Ph.D. Thesis},
  volume={},
  number={},
  pages={},
  year={1987},
  publisher={Caltech}
}

@inproceedings{samaras2000variable,
  title={Variable albedo surface reconstruction from stereo and shape from shading},
  author={Samaras, Dimitrios and Metaxas, Dimitris and Fua, Pascal and Leclerc, Yvan G},
  booktitle={Computer Vision and Pattern Recognition, 2000. Proceedings. IEEE Conference on},
  volume={1},
  pages={480--487},
  year={2000},
  organization={IEEE}
}

@article{capanna2013three,
  title={Three-dimensional reconstruction using multiresolution photoclinometry by deformation},
  author={Capanna, Claire and Gesqui{\`e}re, Gilles and Jorda, Laurent and Lamy, Philippe and Vibert, Didier},
  journal={The Visual Computer},
  volume={29},
  number={6-8},
  pages={825--835},
  year={2013},
  publisher={Springer}
}
@article{jin20083,
  title={3-d reconstruction of shaded objects from multiple images under unknown illumination},
  author={Jin, Hailin and Cremers, Daniel and Wang, Dejun and Prados, Emmanuel and Yezzi, Anthony and Soatto, Stefano},
  journal={International Journal of Computer Vision},
  volume={76},
  number={3},
  pages={245--256},
  year={2008},
  publisher={Springer}
}
@inproceedings{herbort2011reconstruction,
  title={Reconstruction of non-Lambertian surfaces by fusion of shape from shading and active range scanning},
  author={Herbort, Steffen and Grumpe, Arne and W{\"o}hler, Christian},
  booktitle={Image Processing (ICIP), 2011 18th IEEE International Conference on},
  pages={17--20},
  year={2011},
  organization={IEEE}
}

@article{wu2018construction,
  title={Construction of pixel-level resolution DEMs from monocular images by shape and albedo from shading constrained with low-resolution DEM},
  author={Wu, Bo and Liu, Wai Chung and Grumpe, Arne and W{\"o}hler, Christian},
  journal={ISPRS Journal of Photogrammetry and Remote Sensing},
  volume={140},
  pages={3--19},
  year={2018},
  publisher={Elsevier}
}

@phdthesis{lux2011multi,
  title={Multi-view Shape Modeling from Images},
  author={Lux, Augustin},
  year={2011},
  school={Inria Grenoble}
}

@article{crouzil2003multiresolution,
  title={A multiresolution approach for shape from shading coupling deterministic and stochastic optimization},
  author={Crouzil, Alain and Descombes, Xavier and Durou, Jean-Denis},
  journal={Pattern Analysis and Machine Intelligence, IEEE Transactions on},
  volume={25},
  number={11},
  pages={1416--1421},
  year={2003},
  publisher={IEEE}
}
@inproceedings{terzopoulos1984efficient,
  title={Efficient Multiresolution Algorithms for Computing Lightness, Shape-From-Shading, and Optical Flow.},
  author={Terzopoulos, Demetri},
  booktitle={AAAI},
  pages={314--317},
  year={1984}
}

@article{horn1990height,
  title={Height and gradient from shading},
  author={Horn, Berthold KP},
  journal={International journal of computer vision},
  volume={5},
  number={1},
  pages={37--75},
  year={1990},
  publisher={Springer}
}

@article{ikeuchi1981numerical,
  title={Numerical shape from shading and occluding boundaries},
  author={Ikeuchi, Katsushi and Horn, Berthold KP},
  journal={Artificial intelligence},
  volume={17},
  number={1},
  pages={141--184},
  year={1981},
  publisher={Elsevier}
}

@article{pentland1984local,
  title={Local shading analysis},
  author={Pentland, Alex P},
  journal={Pattern Analysis and Machine Intelligence, IEEE Transactions on},
  volume={PAMI-6},
  number={2},
  pages={170--187},
  year={1984},
  publisher={IEEE}
}


@article{van1951photometric,
  title={A Photometric Investigation of the Slopes and the Heights of the Ranges of Hills in the Maria of the Moon},
  author={Van Diggelen, J},
  journal={Bulletin of the Astronomical Institutes of the Netherlands},
  volume={11},
  pages={283},
  year={1951}
}

@article{rindfleisch1966photometric,
  title={Photometric method for lunar topography(Photometric method for deriving lunar surface elevation information from single picture)},
  author={Rindfleisch, T},
  journal={JET PROPULSION LAB., REP},
  volume={32},
  number={32},
  pages={262--276},
  year={1966}
}

@article{zhang1999shape,
  title={Shape-from-shading: a survey},
  author={Zhang, Ruo and Tsai, Ping-Sing and Cryer, James Edwin and Shah, Mubarak},
  journal={Pattern Analysis and Machine Intelligence, IEEE Transactions on},
  volume={21},
  number={8},
  pages={690--706},
  year={1999},
  publisher={IEEE}
}

@article{horn1970shape,
  title={Shape from shading: A method for obtaining the shape of a smooth opaque object from one view},
  author={Horn, Berthold KP},
  journal={Technical Report MAC-TR-79, Project MAC, Massachusetts Institute of Technology},
  year={1970}
}

@article{lohse2006derivation,
  title={Derivation of planetary topography using multi-image shape-from-shading},
  author={Lohse, Volker and Heipke, Christian and Kirk, Randolph L},
  journal={Planetary and space science},
  volume={54},
  number={7},
  pages={661--674},
  year={2006},
  publisher={Elsevier}
}

@article{lee1997shape,
  title={Shape from shading with a generalized reflectance map model},
  author={Lee, Kyoung Mu and Kuo, C-C Jay},
  journal={Computer vision and image understanding},
  volume={67},
  number={2},
  pages={143--160},
  year={1997},
  publisher={Elsevier}
}


@article{mcewen1991photometric,
  title={Photometric functions for photoclinometry and other applications},
  author={McEwen, Alfred S},
  journal={Icarus},
  volume={92},
  number={2},
  pages={298--311},
  year={1991},
  publisher={Elsevier}
}

@inproceedings{grumpe2011construction,
  title={DEM construction and calibration of hyperspectral image data using pairs of radiance images},
  author={Grumpe, Arne M and W{\"o}hler, Christian},
  booktitle={Image and Signal Processing and Analysis (ISPA), 2011 7th International Symposium on},
  pages={609--614},
  year={2011},
  organization={IEEE}
}

@inproceedings{tyler2014merged,
  title={Merged Shape from Shading and Shape from Stereo for Planetary Topographic Mapping},
  author={Tyler, Laurence and Cook, Tony and Barnes, Dave and Parr, Gerhard and Kirk, Randolph},
  booktitle={EGU General Assembly Conference Abstracts},
  volume={16},
  pages={16110},
  year={2014}
}

@article{durou2008numerical,
  title={Numerical methods for shape-from-shading: A new survey with benchmarks},
  author={Durou, Jean-Denis and Falcone, Maurizio and Sagona, Manuela},
  journal={Computer Vision and Image Understanding},
  volume={109},
  number={1},
  pages={22--43},
  year={2008},
  publisher={Elsevier}
}

@article{o2012new,
  title={A new shape from shading technique with application to Mars Express HRSC images},
  author={O'Hara, R and Barnes, Dave},
  journal={ISPRS Journal of Photogrammetry and Remote Sensing},
  volume={67},
  pages={27--34},
  year={2012},
  publisher={Elsevier}
}

@misc{agarwal2012ceres,
  title={Ceres solver},
  author={Agarwal, Sameer and Mierle, Keir and others},
  year={2012}
}

@article{zuber2010lunar,
  title={The lunar reconnaissance orbiter laser ranging investigation},
  author={Zuber, Maria T and Smith, David E and Zellar, Ronald S and Neumann, Gregory A and Sun, Xiaoli and Katz, Richard B and Kleyner, Igor and Matuszeski, Adam and McGarry, Jan F and Ott, Melanie N and others},
  journal={Space Science Reviews},
  volume={150},
  number={1-4},
  pages={63--80},
  year={2010},
  publisher={Springer}
}

@article{hapke2008bidirectional,
  title={Bidirectional reflectance spectroscopy: 6. Effects of porosity},
  author={Hapke, Bruce},
  journal={Icarus},
  volume={195},
  number={2},
  pages={918--926},
  year={2008},
  publisher={Elsevier}
}

@article{hapke1993opposition,
  title={The opposition effect of the moon: The contribution of coherent backscatter},
  author={Hapke, Bruce W and Nelson, Robert M and Smythe, William D},
  journal={Science},
  volume={260},
  number={5107},
  pages={509--511},
  year={1993}
}

@article{johnson2006spectrophotometric,
  title={Spectrophotometric properties of materials observed by Pancam on the Mars Exploration Rovers: 1. Spirit},
  author={Johnson, Jeffrey R and Grundy, William M and Lemmon, Mark T and Bell, James F and Johnson, Miles J and Deen, Robert G and Arvidson, Raymond E and Farrand, William H and Guinness, Edward A and Hayes, Alexander G and others},
  journal={Journal of Geophysical Research: Planets},
  volume={111},
  number={E2},
  year={2006},
  publisher={Wiley Online Library}
}

@article{fernando2013surface,
  title={Surface reflectance of Mars observed by CRISM/MRO: 2. Estimation of surface photometric properties in Gusev Crater and Meridiani Planum},
  author={Fernando, J and Schmidt, F and Ceamanos, X and Pinet, P and Dout{\'e}, S and Daydou, Y},
  journal={Journal of Geophysical Research: Planets},
  volume={118},
  number={3},
  pages={534--559},
  year={2013},
  publisher={Wiley Online Library}
}
@inproceedings{smith2011results,
  title={Results from the Lunar Orbiter Laser Altimeter (LOLA): global, high resolution topographic mapping of the Moon},
  author={Smith, DE and Zuber, MT and Neumann, GA and Mazarico, E and Head, J and Torrence, MH and others},
  booktitle={Lunar and Planetary Science Conference},
  volume={42},
  pages={2350},
  year={2011}
}

@article{wu2016shape,
  title={Shape and Albedo from Shading (SAfS) for Pixel-Level dem Generation from Monocular Images Constrained by Low-Resolution dem},
  author={Wu, Bo and Chung Liu, Wai and Grumpe, Arne and W{\"o}hler, Christian},
  journal={ISPRS-International Archives of the Photogrammetry, Remote Sensing and Spatial Information Sciences},
  pages={521--527},
  year={2016}
}


@article{grumpe2014construction,
  title={Construction of lunar DEMs based on reflectance modelling},
  author={Grumpe, Arne and Belkhir, Fethi and W{\"o}hler, Christian},
  journal={Advances in Space Research},
  volume={53},
  number={12},
  pages={1735--1767},
  year={2014},
  publisher={Elsevier}
}


@article{robinson2010lunar,
  title={Lunar reconnaissance orbiter camera (LROC) instrument overview},
  author={Robinson, MS and Brylow, SM and Tschimmel, M and Humm, D and Lawrence, SJ and Thomas, PC and Denevi, BW and Bowman-Cisneros, E and Zerr, J and Ravine, MA and others},
  journal={Space Science Reviews},
  volume={150},
  number={1-4},
  pages={81--124},
  year={2010},
  publisher={Springer}
}

@article{smith2010initial,
  title={Initial observations from the lunar orbiter laser altimeter (LOLA)},
  author={Smith, David E and Zuber, Maria T and Neumann, Gregory A and Lemoine, Frank G and Mazarico, Erwan and Torrence, Mark H and McGarry, Jan F and Rowlands, David D and Head, James W and Duxbury, Thomas H and others},
  journal={Geophysical Research Letters},
  volume={37},
  number={18},
  year={2010},
  publisher={Wiley Online Library}
}


@article{liu2018effects,
  title={Effects of illumination differences on photometric stereo shape-and-albedo-from-shading for precision lunar surface reconstruction},
  author={Liu, Wai Chung and Wu, Bo and W{\"o}hler, Christian},
  journal={ISPRS Journal of Photogrammetry and Remote Sensing},
  volume={136},
  pages={58--72},
  year={2018},
  publisher={Elsevier}
}

@article{camilli2017unified,
  title={A unified approach to the well-posedness of some non-Lambertian models in Shape-from-Shading theory},
  author={Camilli, Fabio and Tozza, Silvia},
  journal={SIAM Journal on Imaging Sciences},
  volume={10},
  number={1},
  pages={26--46},
  year={2017},
  publisher={SIAM}
}

@inproceedings{lenoch2017multi,
  title={Multi-view Shape from Shading Constrained by Stereo Image Analysis},
  author={Lenoch, Malte and Biebrach, Pia and Grumpe, Arne and W{\"o}hler, Christian},
  booktitle={International Conference on Computer Vision Systems},
  pages={325--335},
  year={2017},
  organization={Springer}
}

@article{yang2017new,
  title={A New RBF Reflection Model for Shape from Shading},
  author={Yang, Zhi-ming and Zhao, Hong-dong},
  journal={3D Research},
  volume={8},
  number={3},
  pages={33},
  year={2017},
  publisher={Springer}
}

@article{yang2017shape,
  title={Shape from Shading through Shape Evolution},
  author={Yang, Dawei and Deng, Jia},
  journal={arXiv preprint arXiv:1712.02961},
  year={2017}
}


@misc{ASP2017,
	Author = {{Beyer}, Ross A. and {Alexandrov}, O. and {McMichael}, S.},
	Doi = {10.5281/zenodo.581187},
	Month = may,
	Title = {{NeoGeographyToolkit/StereoPipeline: Ames Stereo Pipeline 2.6.0.}},
	Url = {https://doi.org/10.5281/zenodo.581187},
	Year = 2017
}


@inproceedings{2017LPI....48.2739S,
	Adsnote = {Provided by the SAO/NASA Astrophysics Data System},
	Adsurl = {http://adsabs.harvard.edu/abs/2017LPI....48.2739S},
	Author = {{Sides}, S.~C. and {Becker}, T.~L. and {Becker}, K.~J. and {Edmundson}, K.~L. and {Backer}, J.~W. and {Wilson}, T.~J. and {Weller}, L.~A. and {Humphrey}, I.~R. and {Berry}, K.~L. and {Shepherd}, M.~R. and {Hahn}, M.~A. and {Rose}, C.~C. and {Rodriguez}, K. and {Paquette}, A.~S. and {Mapel}, J.~A. and {Shinaman}, J.~R. and {Richie}, J.~O.},
	Booktitle = {Lunar and Planetary Science Conference},
	Date-Added = {2017-07-03 20:32:14 +0000},
	Date-Modified = {2017-07-03 20:32:14 +0000},
	Eid = {2739},
	Month = mar,
	Pages = {2739},
	Series = {Lunar and Planetary Science Conference},
	Title = {{The USGS Integrated Software for Imagers and Spectrometers (ISIS 3) Instrument Support, New Capabilities, and Releases}},
	Volume = 48,
	Year = 2017,
	Bdsk-Url-1 = {http://adsabs.harvard.edu/abs/2017LPI....48.2739S}}


@unpublished{ISIS_website,
	Author = {{U.S. Geological Survey}},
	Date-Added = {2007-07-12 09:43:26 -0700},
	Date-Modified = {2018-02-20 18:27:42 +0000},
	Keywords = {software},
	Note = {U.S. Geological Survey, Flagstaff, AZ},
	Title = {Integrated Software for Imagers and Spectrometers ({ISIS})},
	Url = {http://isis.astrogeology.usgs.gov},
	Year = {2018},
	Bdsk-Url-1 = {http://isis.astrogeology.usgs.gov/},
	Bdsk-Url-2 = {http://isis.astrogeology.usgs.gov}}
    
@inproceedings{oren1994generalization,
 title={Generalization of Lambert's reflectance model},
 author={Oren, Michael and Nayar, Shree K},
 booktitle={Proceedings of the 21st annual conference on Computer graphics and interactive techniques},
 pages={239--246},
 year={1994},
 organization={ACM}
}

@article{nicodemus1965directional,
 title={Directional reflectance and emissivity of an opaque surface},
 author={Nicodemus, Fred E},
 journal={Applied optics},
 volume={4},
 number={7},
 pages={767--775},
 year={1965},
 publisher={Optical Society of America}
}

@book{HornRobotVision,
	Author = {{Horn}, Berthold K. P.},
	Date-Added = {2018-05-03 17:14:49 +0000},
	Date-Modified = {2018-05-03 17:16:46 +0000},
	Publisher = {MIT Press},
	Title = {Robot Vision},
	Year = {1986}}
    

@article{2008M&PS...43.1049G,
	Author = {{Gaskell}, R.~W. and {Barnouin-Jha}, O.~S. and {Scheeres}, D.~J. and {Konopliv}, A.~S. and {Mukai}, T. and {Abe}, S. and {Saito}, J. and {Ishiguro}, M. and {Kubota}, T. and {Hashimoto}, T. and {Kawaguchi}, J. and {Yoshikawa}, M. and {Shirakawa}, K. and {Kominato}, T. and {Hirata}, N. and {Demura}, H.},
	Journal = {Meteoritics and Planetary Science},
	Pages = {1049-1061},
	Title = {{Characterizing and navigating small bodies with imaging data}},
	Volume = 43,
	Year = 2008}


@inproceedings{kirk2003photoclinometry,
	Author = {{Kirk}, R.~L. and Barrett, J.~M. and Soderblom, L.~ A.},
	Booktitle = {ISPRS Working Group IV/9 Workshop 'Advances in Planetary Mapping'},
	Title = {Photoclinometry made simple ... ?},
	Year = {2003}}
    

@article{2017ISPAr62W1...69K,
	Author = {{Kirk}, R.~L. and {Howington-Kraus}, E. and {Edmundson}, K. and {Redding}, B. and {Galuszka}, D. and {Hare}, T. and {Gwinner}, K.},
	Doi = {10.5194/isprs-archives-XLII-3-W1-69-2017},
	Journal = {ISPRS - International Archives of the Photogrammetry, Remote Sensing and Spatial Information Sciences},
	Pages = {69-76},
	Title = {{Community Tools for Cartographic and Photogrammetric Processing of Mars Express HRSC Images}},
	Volume = {XLII-3/W1},
	Year = 2017}


@inproceedings{2018LPI....49.2188S,
	Author = {{Shepherd}, M. and {Kirk}, R.~L. and {Sides}, S.~C.},
	Booktitle = {Lunar and Planetary Science Conference},
	Month = mar,
	Pages = {2188},
	Series = {Lunar and Planetary Science Conference},
	Title = {{A Novel Technique for Precision Geometric Correction of Jitter Distortion for the Europa Imaging System and Other Rolling-Shutter Cameras}},
	Volume = 49,
	Year = 2018}


@inproceedings{2018LPI....49.2193B,
	Author = {{Bland}, M.~T. and {Galuszka}, D. and {Mayer}, D.~P. and {Beyer}, R.~A. and {Kirk}, R.~L. and {Schenk}, P.~M. and {Fergason}, R.~L.},
	Booktitle = {Lunar and Planetary Science Conference},
	Month = mar,
	Pages = {2193},
	Series = {Lunar and Planetary Science Conference},
	Title = {{How Well Do We Know Europa's Topography? Assessing Variability in Digital Terrain Models}},
	Volume = 49,
	Year = 2018}


@article{1988KFNT....4Q...3A,
	Author = {{Akimov}, L.~A.},
	Journal = {Kinematika i Fizika Nebesnykh Tel},
	Month = feb,
	Pages = {3-10},
	Title = {{Light reflection by the moon.}},
	Volume = 4,
	Year = 1988}
    
@article{2011P&SS...59.1326S,
	Author = {{Shkuratov}, Y. and {Kaydash}, V. and {Korokhin}, V. and {Velikodsky}, Y. and {Opanasenko}, N. and {Videen}, G.},
	Journal = {Planetary and Space Science},
	Month = oct,
	Pages = {1326-1371},
	Title = {{Optical measurements of the Moon as a tool to study its surface}},
	Volume = 59,
	Year = 2011}

@INPROCEEDINGS{2011LPI....42.2316A,
       author = {{Archinal}, B.~A. and {Gaddis}, L.~R. and {Hare}, T.~M. and {Rosiek},
        M.~R. and {Howington-Kraus}, E. and {Lee}, E. and {Weller},
        L.~A. and {Kirk}, R.~L. and {Edmundson}, K. and {Thomas}, O.~H.
        and {Becker}, T.~L. and {Jolliff}, B.~L. and {Tran}, T.~N. and
        {Robinson}, M.~S.},
        title = "{Progress on High Resolution Mapping of the Lunar South Pole-Aitken Basin
        Interior}",
    booktitle = {Lunar and Planetary Science Conference},
         year = 2011,
        month = Mar,
        pages = {2316},
       adsurl = {https://ui.adsabs.harvard.edu/#abs/2011LPI....42.2316A},
      adsnote = {Provided by the SAO/NASA Astrophysics Data System}
}


@article{2012isprsannals203e,
	Author = {Edmundson, K. L. and Cook, D. A. and Thomas, O. H. and Archinal, B. A. and Kirk, R. L.},
	Date-Added = {2016-01-11 23:28:33 +0000},
	Date-Modified = {2016-01-11 23:32:39 +0000},
	Doi = {10.5194/isprsannals-I-4-203-2012},
	Journal = {ISPRS Annals of Photogrammetry, Remote Sensing and Spatial Information Sciences},
	Pages = {203--208},
	Title = {JIGSAW: THE {ISIS3} BUNDLE ADJUSTMENT FOR EXTRATERRESTRIAL PHOTOGRAMMETRY},
	Url = {http://www.isprs-ann-photogramm-remote-sens-spatial-inf-sci.net/I-4/203/2012/},
	Volume = {I-4},
	Year = {2012},
	Bdsk-Url-1 = {http://www.isprs-ann-photogramm-remote-sens-spatial-inf-sci.net/I-4/203/2012/},
	Bdsk-Url-2 = {http://dx.doi.org/10.5194/isprsannals-I-4-203-2012},
	Bdsk-Url-3 = {https://dx.doi.org/10.5194/isprsannals-I-4-203-2012}}



@article{asp,
	Title = {The {Ames Stereo Pipeline}: {NASA}'s open source software for deriving and processing terrain data},
	Author = {{Beyer}, Ross A. and {Alexandrov}, O. and {McMichael}, S.},
    Journal = {Earth and Space Science},
    Volume = {submitted},
    Year = 2018}
   

@article{2017Icar..287..207B,
	Adsnote = {Provided by the SAO/NASA Astrophysics Data System},
	Adsurl = {http://adsabs.harvard.edu/abs/2017Icar..287..207B},
	Archiveprefix = {arXiv},
	Author = {{Buratti}, B.~J. and {Hofgartner}, J.~D. and {Hicks}, M.~D. and {Weaver}, H.~A. and {Stern}, S.~A. and {Momary}, T. and {Mosher}, J.~A. and {Beyer}, R.~A. and {Verbiscer}, A.~J. and {Zangari}, A.~M. and {Young}, L.~A. and {Lisse}, C.~M. and {Singer}, K. and {Cheng}, A. and {Grundy}, W. and {Ennico}, K. and {Olkin}, C.~B.},
	Doi = {10.1016/j.icarus.2016.11.012},
	Eprint = {1604.06129},
	Journal = {Icarus},
	Month = may,
	Pages = {207-217},
	Title = {{Global albedos of Pluto and Charon from LORRI New Horizons observations}},
	Volume = 287,
	Year = 2017}


@article{2018Icar..315..124S,
	Adsnote = {Provided by the SAO/NASA Astrophysics Data System},
	Adsurl = {https://ui.adsabs.harvard.edu/#abs/2018Icar..315..124S},
	Author = {{Schenk}, Paul Michael and {Beyer}, Ross A. and {McKinnon}, William B. and {Moore}, Jeffrey M. and {Spencer}, John R. and {White}, Oliver L. and {Singer}, Kelsi and {Umurhan}, Orkan M. and {Nimmo}, Francis and {Lauer}, Tod R. and {Grundy}, William M. and {Robbins}, Stuart and {Stern}, S. Alan and {Weaver}, Harold A. and {Young}, Leslie A. and {Smith}, K. Ennico and {Olkin}, Cathy and {New Horizons Geology} and {Geophysics Investigation Team}},
	Date-Added = {2018-08-13 16:33:17 -0700},
	Date-Modified = {2018-08-13 16:33:30 -0700},
	Doi = {10.1016/j.icarus.2018.06.010},
	Journal = {Icarus},
	Month = Nov,
	Pages = {124-145},
	Title = {{Breaking up is hard to do: Global cartography and topography of Pluto's mid-sized icy Moon Charon from New Horizons}},
	Volume = {315},
	Year = 2018}}


